@misc{web3D:vrml97,
	author = {The VRML Consortium Incorporated},
	title = {VRML97: The Virtual Reality Modeling Language},
	howpublished = {http://www.vrml.org/Specifications/VRML97/index.html},
	year = 1997
}

